<record xmlns='http://www.loc.gov/MARC21/slim'><leader>04830ctm a2200661Ia 4500</leader><controlfield tag='001'>3060501</controlfield><controlfield tag='005'>20200824172442.0</controlfield><controlfield tag='008'>950104s1807    xx            000 0 ota d</controlfield><datafield ind1=' ' ind2=' ' tag='035'><subfield code='a'>(OCoLC)ocn122695034</subfield></datafield><datafield ind1=' ' ind2=' ' tag='035'><subfield code='a'>(CStRLIN)NJPG95-A1</subfield></datafield><datafield ind1=' ' ind2=' ' tag='035'><subfield code='9'>CNT0775NE</subfield></datafield><datafield ind1=' ' ind2=' ' tag='035'><subfield code='a'>(OCoLC)122695034</subfield></datafield><datafield ind1=' ' ind2=' ' tag='035'><subfield code='a'>3060501</subfield></datafield><datafield ind1=' ' ind2=' ' tag='040'><subfield code='a'>PUL</subfield><subfield code='c'>PUL</subfield><subfield code='e'>amremm</subfield><subfield code='d'>PUL</subfield></datafield><datafield ind1=' ' ind2=' ' tag='043'><subfield code='a'>n-us-nj</subfield></datafield><datafield ind1=' ' ind2=' ' tag='049'><subfield code='a'>PULL</subfield></datafield><datafield ind1=' ' ind2=' ' tag='066'><subfield code='c'>(3</subfield><subfield code='c'>(4</subfield></datafield><datafield ind1='0' ind2=' ' tag='100'><subfield code='6'>880-01</subfield><subfield code='a'>Faz̤l Allāh Astarābādī,</subfield><subfield code='d'>1340-1394.</subfield></datafield><datafield ind1='1' ind2='0' tag='240'><subfield code='6'>880-02</subfield><subfield code='a'>Jāvīdān-nāmah.</subfield><subfield code='l'>Ottoman Turkish</subfield></datafield><datafield ind1='1' ind2='0' tag='245'><subfield code='6'>880-03</subfield><subfield code='a'>Kitāb-i Jāvīdān-i durr-i yatīm ast.</subfield></datafield><datafield ind1='1' ind2='0' tag='246'><subfield code='6'>880-04</subfield><subfield code='a'>Jāvīdān-i durr-i yatīm</subfield></datafield><datafield ind1='3' ind2=' ' tag='246'><subfield code='6'>880-05</subfield><subfield code='a'>Dürr-i yetim</subfield></datafield><datafield ind1='3' ind2=' ' tag='246'><subfield code='6'>880-06</subfield><subfield code='a'>Câvidânname-yi ilahî</subfield></datafield><datafield ind1='3' ind2=' ' tag='246'><subfield code='6'>880-07</subfield><subfield code='a'>Name-yi ilahiye</subfield></datafield><datafield ind1='3' ind2=' ' tag='246'><subfield code='6'>880-08</subfield><subfield code='a'>Kitab el-ilahî el-Fazlî</subfield></datafield><datafield ind1=' ' ind2=' ' tag='260'><subfield code='c'>[1807 or 1808]</subfield></datafield><datafield ind1=' ' ind2=' ' tag='300'><subfield code='a'>328 leaves :</subfield><subfield code='b'>paper ;</subfield><subfield code='c'>188 x 120 (138 x 78) mm. bound to 188 x 125 mm.</subfield></datafield><datafield ind1=' ' ind2=' ' tag='500'><subfield code='a'>Ms. codex.</subfield></datafield><datafield ind1=' ' ind2=' ' tag='546'><subfield code='a'>In Ottoman Turkish.</subfield></datafield><datafield ind1=' ' ind2=' ' tag='500'><subfield code='a'>Title from fol. 12b. Other titles from different places in the ms., including fol. 13a and fol. 322b (see end of text).</subfield></datafield><datafield ind1='8' ind2=' ' tag='520'><subfield code='a'>A translation by Derviş Murtaza Bektaşî of Faz̤l Allāh&apos;s Jāvīdān-nāmah, his most famous work on Hurufism. The original text of the translation ends on fol. 322b (see explicit), and, in this copy, this is followed by a versified conclusion by the translator on fol. 323a-326a (see end of explicit).</subfield></datafield><datafield ind1=' ' ind2=' ' tag='500'><subfield code='a'>Physical description: 20 lines per page. Written in a casual hand, in a medium-sized informal ruqʻah in black ink, with use of blue ink for rubrication. Catchwords on the verso of each leaf. Cream wove paper. Fol. 2b-10a have a list of contents in the same hand as the main text. Fol. 10b-11a contain a key to the meanings of letters used in the text, entitled &quot;Miftah-i huruf-i Câvidân-i dürr-i yetim&quot;. A short paragraph on fol. 12a. The two colophons by the scribe on fol. 326a are followed by a page of verses on fol. 326b in a later hand, and a calligraphic drawing of a human figure on fol. 327a.</subfield></datafield><datafield ind1=' ' ind2=' ' tag='500'><subfield code='a'>Origin: Copied by Akçehisarî Derviş Süleyman in 1222 (1807-8) -- colophon (fol. 326a). The colophon is followed by another short selection of verses, added by the scribe in 1273 (1856-7).</subfield></datafield><datafield ind1=' ' ind2=' ' tag='530'><subfield code='a'>Also available in an electronic version.</subfield></datafield><datafield ind1='4' ind2=' ' tag='510'><subfield code='a'>Mevlânâ Müzesi Abdülbâkî Gölpınarlı Kütüphanesi Yazma Kitaplar Kataloǧu,</subfield><subfield code='c'>203.</subfield></datafield><datafield ind1=' ' ind2=' ' tag='563'><subfield code='a'>Brown leather over pasteboard with blind-tooled panel design on covers consisting of a simple frame made with blind fillets, foliage stamps along the inner borders of the frame and six tear-shaped floral stamps inside the frame.</subfield></datafield><datafield ind1=' ' ind2='0' tag='650'><subfield code='a'>Hurufis</subfield><subfield code='x'>Doctrines.</subfield></datafield><datafield ind1=' ' ind2='0' tag='650'><subfield code='a'>Arabic alphabet</subfield><subfield code='x'>Religious aspects</subfield><subfield code='x'>Islam.</subfield><subfield code='0'>http://id.loc.gov/authorities/subjects/sh2020000031</subfield></datafield><datafield ind1=' ' ind2='0' tag='650'><subfield code='a'>Arabic alphabet</subfield><subfield code='x'>Religious aspects</subfield><subfield code='x'>Sufism.</subfield></datafield><datafield ind1=' ' ind2='0' tag='650'><subfield code='a'>Arabic alphabet</subfield><subfield code='x'>Symbolic aspects.</subfield></datafield><datafield ind1=' ' ind2='0' tag='650'><subfield code='a'>Sufi poetry, Turkish</subfield><subfield code='y'>17th century.</subfield></datafield><datafield ind1=' ' ind2='0' tag='650'><subfield code='a'>Manuscripts, Turkish</subfield><subfield code='z'>New Jersey</subfield><subfield code='z'>Princeton.</subfield></datafield><datafield ind1=' ' ind2='7' tag='655'><subfield code='a'>Manuscripts, Turkish</subfield><subfield code='y'>19th century.</subfield><subfield code='2'>lcsh</subfield></datafield><datafield ind1='0' ind2=' ' tag='700'><subfield code='6'>880-09</subfield><subfield code='a'>Bektaşî Derviş Murtaza,</subfield><subfield code='e'>translator.</subfield><subfield code='0'>http://id.loc.gov/authorities/names/no2008101121</subfield></datafield><datafield ind1='4' ind2='1' tag='856'><subfield code='u'>http://arks.princeton.edu/ark:/88435/xs55mc12f</subfield></datafield><datafield ind1='0' ind2=' ' tag='880'><subfield code='6'>100-01/(3/r</subfield><subfield code='a'>فضل الله استرآبادي.</subfield></datafield><datafield ind1='1' ind2='0' tag='880'><subfield code='6'>240-02/(3/r</subfield><subfield code='a'>جاودان نامه</subfield></datafield><datafield ind1='1' ind2='0' tag='880'><subfield code='6'>245-03/(4/r</subfield><subfield code='a'>کتاب جاوىدان در ىتىم است.</subfield></datafield><datafield ind1='1' ind2='0' tag='880'><subfield code='6'>246-04/(3/r</subfield><subfield code='a'>جاوىدان در ىتىم</subfield></datafield><datafield ind1='3' ind2=' ' tag='880'><subfield code='6'>246-05/(3/r</subfield><subfield code='a'>در يتيم</subfield></datafield><datafield ind1='3' ind2=' ' tag='880'><subfield code='6'>246-06/(3/r</subfield><subfield code='a'>جاودان نامهء الهي</subfield></datafield><datafield ind1='3' ind2=' ' tag='880'><subfield code='6'>246-07/(3/r</subfield><subfield code='a'>نامهء الهيه</subfield></datafield><datafield ind1='3' ind2=' ' tag='880'><subfield code='6'>246-08/(3/r</subfield><subfield code='a'>كتاب الالهي الفضلي</subfield></datafield><datafield ind1=' ' ind2=' ' tag='880'><subfield code='6'>500-00/(3/r</subfield><subfield code='a'>Incipit: الحمد لله الذى له ملك السموآت والارض ولم يتخذ ولدًا ولم يكن له شريك في الملك ... بعد آز حمد وثناء ح ق عز شانه ايطالب اسرارى</subfield></datafield><datafield ind1=' ' ind2=' ' tag='880'><subfield code='6'>500-00/(4/r</subfield><subfield code='a'>Explicit: چون مى بالد ومى بالد وخواهد باليد يعنى نيجه بيور وبويور ودخى بيوك اولسه كرك الحمد لله الذى ذهب عنا الحزن ان ان ربنا الغفور شكور الذى احلنا دار المقامه من فضله ... وسلام على المرسلين والحمد لله رب العالمين وصل على جميع الانبياء والمرسلين تم الكتاب الالهى الفضلى الازلى الابدى الحمد لله رب العالمين ... شد تمام از لطف حق اين نامهء در يتيم</subfield></datafield><datafield ind1='0' ind2=' ' tag='880'><subfield code='6'>700-09/(3/r</subfield><subfield code='a'>درويش مرتضى.</subfield></datafield><datafield ind1=' ' ind2=' ' tag='999'><subfield code='a'>3060501</subfield></datafield><datafield ind1=' ' ind2=' ' tag='902'><subfield code='a'>ist</subfield><subfield code='b'>o</subfield><subfield code='6'>t</subfield><subfield code='7'>m</subfield><subfield code='d'>v</subfield><subfield code='f'>0</subfield><subfield code='e'>20071130</subfield></datafield><datafield ind1='8' ind2=' ' tag='852'><subfield code='0'>5492091</subfield><subfield code='b'>hsvm</subfield><subfield code='h'>Islamic Manuscripts, Third Series no. 254</subfield></datafield><datafield ind1='8' ind2=' ' tag='852'><subfield code='0'>9375220</subfield><subfield code='b'>elf1</subfield><subfield code='h'>Electronic Resource</subfield></datafield><datafield ind1=' ' ind2=' ' tag='959'><subfield code='a'>2000-06-08 00:00:00 +0000</subfield></datafield></record>
